<record><leader>00000cas a22000007a 4500</leader><controlfield tag="001">9931217</controlfield><controlfield tag="008">830921d18901892ksuwr ne      0    0eng d</controlfield><controlfield tag="009">3789</controlfield><datafield ind1=" " ind2=" " tag="010"><subfield code="a">sn 83040547 </subfield></datafield><datafield ind1=" " ind2=" " tag="040"><subfield code="a">KSH</subfield><subfield code="b">eng</subfield><subfield code="c">KSH</subfield><subfield code="d">NPT</subfield></datafield><datafield ind1="1" ind2=" " tag="029"><subfield code="a">AU@</subfield><subfield code="b">000025799425</subfield></datafield><datafield ind1=" " ind2=" " tag="042"><subfield code="a">msc</subfield></datafield><datafield ind1=" " ind2=" " tag="043"><subfield code="a">n-us-ks</subfield></datafield><datafield ind1="0" ind2="0" tag="245"><subfield code="a">Horton weekly headlight.</subfield></datafield><datafield ind1=" " ind2=" " tag="260"><subfield code="a">Horton, Kan. :</subfield><subfield code="b">Brundige &amp; Whitaker,</subfield><subfield code="c">1890-1892.</subfield></datafield><datafield ind1=" " ind2=" " tag="300"><subfield code="a">3 v. ;</subfield><subfield code="c">55 cm.</subfield></datafield><datafield ind1=" " ind2=" " tag="310"><subfield code="a">Weekly</subfield></datafield><datafield ind1="0" ind2=" " tag="362"><subfield code="a">Vol. 4, no. 29 (May 15, 1890)-v. 6, no. 29 (May 12, 1892).</subfield></datafield><datafield ind1=" " ind2=" " tag="500"><subfield code="a">Published on Thursday.</subfield></datafield><datafield ind1=" " ind2=" " tag="530"><subfield code="a">Available on microfilm from Micro Photo.</subfield></datafield><datafield ind1="1" ind2=" " tag="700"><subfield code="a">Brundige, Harley W.</subfield></datafield><datafield ind1="1" ind2=" " tag="700"><subfield code="a">Whitaker, H. E.</subfield></datafield><datafield ind1=" " ind2=" " tag="752"><subfield code="a">United States</subfield><subfield code="b">Kansas</subfield><subfield code="c">Brown</subfield><subfield code="d">Horton.</subfield></datafield><datafield ind1="0" ind2="0" tag="780"><subfield code="t">Horton headlight and telegram</subfield><subfield code="w">(DLC)sn 83040546</subfield></datafield><datafield ind1="0" ind2="0" tag="785"><subfield code="t">Horton headlight (Horton, Kan. : 1892)</subfield><subfield code="w">(DLC)sn 83040548</subfield></datafield></record>